@book{naimark,
   title =     {Линейные представления группы Лоренца},
   author =    {Наймарк М.А.},
   publisher = {},
   isbn =      {},
   year =      {1958},
   series =    {},
   edition =   {},
   volume =    {}
}


@book{gelfand,
   title =     {Представления группы вращений и группы Лоренца, их применения},
   author =    {Гельфанд И.М., Минлос Р.А., Шапиро З.Я.},
   publisher = {},
   isbn =      {},
   year =      {},
   series =    {},
   edition =   {},
   volume =    {}
}

@book{weil,
	title = {Интегрирование в топологических группах},
	author = {Вейль А.},
	year = {1950}
}
