@misc{richter,
	title = {Lecture handouts; Rigid motions and homogeneous transformations},
	author = {H. Richter},
	publisher = {Department of Mechanical Engineering; Cleveland State University}
}

@misc{henderson,
	title = {Shuttle program: Euler angles, quaternions, and transformation matrices},
	author = {D. M. Henderson},
	publisher = {NASA Johnson Space Center, HOuston, TX, United States},
	year = {1977}
}

@book{naimark,
   title =     {Линейные представления группы Лоренца},
   author =    {Наймарк М.А.},
   publisher = {},
   isbn =      {},
   year =      {1958},
   series =    {},
   edition =   {},
   volume =    {}
}

@book{gelfand,
   title =     {Представления группы вращений и группы Лоренца, их применения},
   author =    {Гельфанд И.М., Минлос Р.А., Шапиро З.Я.},
   publisher = {},
   isbn =      {},
   year =      {},
   series =    {},
   edition =   {},
   volume =    {}
}

